@article{bing,
    author  = "Schurman, Eric and Brutlag, Jake",
    title   = "Performance Related Changes and their User Impact",
    year    = "2009",
    journal = "Velocity"
}

@INPROCEEDINGS{dbproxy,
author={K. Amiri and Sanghyun Park and R. Tewari and S. Padmanabhan},
booktitle={Proceedings 19th International Conference on Data Engineering (Cat. No.03CH37405)},
title={DBProxy: a dynamic data cache for web applications},
year={2003},
volume={},
number={},
pages={821-831},
keywords={Cache storage;Costs;Database systems;Delay;HTML;Network servers;Scalability;Service oriented architecture;Web pages;Web server},
doi={10.1109/ICDE.2003.1260881},
ISSN={},
month={March},}
